@INPROCEEDINGS{AltenkirchGrattageLICS05,
  author={Altenkirch, T. and Grattage, J.},
  booktitle={20th Annual IEEE Symposium on Logic in Computer Science (LICS' 05)}, 
  title={A functional quantum programming language}, 
  year={2005},
  volume={},
  number={},
  pages={249-258},
  doi={10.1109/LICS.2005.1}
}

@book{LambekScott,
  author = "J Lambek and P. J. Scott",
  title = "Introduction to higher order categorical logic",
  publisher = "Cambridge University Press",
  year = "1986",
  series = "Cambridge studies in advances mathematics 7"
}
@book{TRS03,
  title="Term rewriting systems",
  author="{TeReSe}",
  year="2003",
  publisher="Cambridge University Press"
}


@Article{BirkhoffVonNeumann,
  author = "Birkhoff, Garrett and Von Neumann, John",
  title = "The Logic of Quantum Mechanics",
  year = "1936",
  journal = "Annals of Mathematics",
  volume = "37",
  number = "4",
  pages = "823--843",
  doi="10.2307/1968621"
}
@Article{DiazcaroMalherbeACS20,
    author = "D\'{\i}az-Caro, Alejandro and Malherbe, Octavio",
    title = "A Categorical Construction for the Computational Definition of Vector Spaces",
    journal = "Applied Categorical Structures",
    pages = "807--844",
    volume = "28",
    number= "5",
    year = "2020",
    doi = "10.1007/s10485-020-09598-7"
}

@Misc{DiazcaroMalherbe20,
    author = "D\'{\i}az-Caro, Alejandro and Malherbe, Octavio",
    title = "A concrete model for a typed linear algebraic lambda calculus",
    year = "2020",
    howpublished = "Draft at {\tt arXiv:1806.09236}"
}

@Article{AssafDiazcaroPerdrixTassonValironLMCS14,
    author = "Ali Assaf and Alejandro D{\'\i}az-Caro and Simon Perdrix and Christine Tasson and Beno{\^\i}t Valiron",
    title = "Call-by-value, call-by-name and the vectorial behaviour of the algebraic $\lambda$-calculus",
    journal = "Logical Methods in Computer Science",
    volume = "10",
    number = "4:8",
    year = "2014",
    doi = "10.2168/LMCS-10(4:8)2014"
}

@Misc{MelliesHAL03,
   author = "Paul-André Melliès",
   title = "Categorical models of linear logic revisited",
   howpublished = "hal:00154229",
   year = "2003"
   }

@PhDThesis{BrunelPhD14,
  author = "Aloïs Brunel",
  title = "The monitoring power of forcing transformations",
  school ="Université Paris 13",
  year = "2014",
  address = "France"
}

@InProceedings{DiazcaroMalherbeLSFA18,
    author = "Alejandro D\'{\i}az-Caro and Octavio Malherbe",
    title = "A concrete categorical semantics for {L}ambda-{S}",
    pages = "83--100",
    year = "2019",
    editor = "Beniamino Accattoli and Carlos Olarte",
    booktitle = "Proceedings of the 13th Workshop on Logical and Semantic Frameworks with Applications (LSFA'18)",
    series = "Electronic Notes in Theoretical Computer Science",
    volume = "344",
    publisher = "Elsevier",
    doi = "10.1016/j.entcs.2019.07.006"
}

@book{NC00,
  author = "Nielsen, Michael and Chuang, Isaac",
  title = "Quantum computation and quantum information",
  year = "2010",
  publisher = "Cambridge University Press",
}

@InProceedings{MiquelTLCA11,
  author = "Alexandre Miquel",
  title = "A survey of classical realizability",
  booktitle = "Proceedings of {TLCA}-2011",
  editor = "Luke Ong",
  series = "Lecture Notes in Computer Science",
  volume = "6690",
  pages = "1--2",
  year = "2011",
  doi = "10.1007/978-3-642-21691-6_1"
}

@article{KrivinePS09,
  author = "Jean-Louis Krivine",
  title = "Realizability in classical logic",
  journal = "Panoramas et synth\`eses: Interactive models of computation and program behaviour",
  volume = "27",
  pages ="197--229",
  year = "2009",
}

@Book{Vonoosten08,
  author = "Jaap {van Oosten}",
  title = "Realizability. An Introduction to its Categorical Side",
  year = "2008",
  series = "Studies in Logic and the Foundations of Mathematics",
  volume = "152",
  publisher ="Elsevier"
}

@article{KleeneJSL45,
  author = "Stephen C. Kleene",
  title = "On the Interpretation of Intuitionistic Number Theory",
  journal = "The Journal of Symbolic Logic",
  volume= "10",
  number = "4",
  pages = "109-124",
  year = "1945",
  doi = "10.2307/2269016"
}


@InProceedings{DiazcaroGuillermoMiquelValironLICS19,
    author = "D\'{\i}az-Caro, Alejandro and Guillermo, Mauricio and Miquel, Alexandre and Valiron, Beno\^{\i}t",
    title = "Realizability in the Unitary Sphere",
    booktitle = "Proceedings of the 34th Annual ACM/IEEE Symposium on Logic in Computer Science (LICS 2019)",
    pages = "1--13",
    year = "2019",
    doi = "10.1109/LICS.2019.8785834"
}

@TechReport{Knill04,
   title = "Conventions for quantum pseudocode",
   author = "Emanuel H. Knill",
   institution = "Los Alamos National Lab.",
   year = {1996},
   number = "LA-UR-96-2724",
}

@article{GreenEtAlPLDI13,
  author = "Alexander S. Green and Peter LeFanu Lumsdaine and Neil J. Ross and Peter Selinger and Beno\^it Valiron",
  title = "Quipper: a scalable quantum programming language",
  journal = "ACM SIGPLAN Notices (PLDI'13)",
  volume = "48",
  number = "6",
  year = "2013",
  pages = "333--342",
  publisher = "ACM",
  doi = "10.1145/2499370.2462177"
} 

@inproceedings{PaykinRandZdancewicPOPL17,
 author = "Paykin, Jennifer and Rand, Robert and Zdancewic, Steve",
 title = "QWIRE: A Core Language for Quantum Circuits",
 booktitle = "Proceedings of the 44th ACM SIGPLAN Symposium on Principles of Programming Languages",
 series = "POPL 2017",
 year = "2017",
 pages = "846--858",
 publisher = "ACM",
 address = "New York, NY, USA",
 doi = "10.1145/3009837.3009894"
}


@article{SelingerValironMSCS06,
    title={A lambda calculus for quantum computation with classical control},
    volume={16},
    DOI={10.1017/S0960129506005238},
    number={3},
    journal={Mathematical Structures in Computer Science},
    publisher={Cambridge University Press},
    author={Selinger, Peter and Valiron, Beno{\^\i}t},
    year={2006},
    pages={527–552},
}

@article{SelingerMSCS04,
    title={Towards a quantum programming language},
    volume={14},
    DOI={10.1017/S0960129504004256},
    number={4},
    journal={Mathematical Structures in Computer Science},
    publisher={Cambridge University Press},
    author={Selinger, Peter},
    year={2004},
    pages={527–586}
}

@Article{DiazcaroDowekRinaldiBIO19,
    author = "Alejandro D\'{\i}az-Caro and Gilles Dowek and {Juan Pablo} Rinaldi",
    title = "Two linearities for quantum computing in the lambda calculus",
    journal = "BioSystems",
    note = "Postproceedings of TPNC 2017",
    pages = "104012",
    volume = "186",
    year = "2019",
    issn = "0303-2647",
    doi = "10.1016/j.biosystems.2019.104012"
}

@InProceedings{DiazcaroDowekTPNC17,
    author = "D{\'\i}az-Caro, Alejandro and Dowek, Gilles",
    title = "Typing quantum superpositions and measurement",
    booktitle = "Theory and Practice of Natural Computing (TPNC 2017)",
    editor = "Carlos Mart{\'\i}n-Vide and Roman Neruda and Miguel A. Vega-Rodr{\'\i}guez",
    series = "Lecture Notes in Computer Science",
    publisher = "Springer, Cham",
    pages = "281--293",
    volume = "10687",
    year = "2017",
    doi = "10.1007/978-3-319-71069-3_22"
}

@InProceedings{ArrighiDowekRTA08,
  author="Arrighi, Pablo and Dowek, Gilles",
  editor="Voronkov, Andrei",
  title="Linear-algebraic $\lambda$-calculus: higher-order, encodings, and confluence.",
  booktitle="Rewriting Techniques and Applications",
  year="2008",
  publisher="Springer Berlin Heidelberg",
  address="Berlin, Heidelberg",
  pages="17--31",
  doi = "10.1007/978-3-540-70590-1_2"
}

@Article{ArrighiDowekLMCS17,
   author = "Pablo Arrighi and Gilles Dowek",
   title = "Lineal: A linear-algebraic $\lambda$-calculus",
   journal = "Logical Methods in Computer Science",
   volume = "13",
   number = "1:8",
   pages = "1--33",
   year = "2017",
   doi = "10.23638/LMCS-13(1:8)2017"
}
